@article{Afgan2018,
	title        = {The Galaxy platform for accessible,  reproducible and collaborative biomedical analyses: 2018 update},
	author       = {Enis Afgan and Dannon Baker and B{\'{e}}r{\'{e}}nice Batut and Marius van~den~Beek and Dave Bouvier and Martin {\v{C}}ech and John Chilton and Dave Clements and Nate Coraor and Bj\"{o}rn A Gr\"{u}ning and Aysam Guerler and Jennifer Hillman-Jackson and Saskia Hiltemann and Vahid Jalili and Helena Rasche and Nicola Soranzo and Jeremy Goecks and James Taylor and Anton Nekrutenko and Daniel Blankenberg},
	year         = 2018,
	month        = may,
	journal      = {Nucleic Acids Research},
	publisher    = {Oxford University Press ({OUP})},
	volume       = 46,
	number       = {W1},
	pages        = {W537--W544},
	doi          = {10.1093/nar/gky379},
	url          = {https://doi.org/10.1093/nar/gky379}
}
@article{Attwood2019,
	title        = {A global perspective on evolving bioinformatics and data science training needs},
	author       = {Attwood, Teresa K and Blackford, Sarah and Brazas, Michelle D and Davies, Angela and Schneider, Maria Victoria},
	year         = 2017,
	journal      = {Briefings in Bioinformatics},
	publisher    = {Oxford University Press},
	volume       = 20,
	number       = 2,
	pages        = {398--404},
	doi          = {10.1093/bib/bbx100},
	url          = {https://doi.org/10.1093/bib/bbx100}
}
@article{Barone2017,
	title        = {Unmet needs for analyzing biological big data: A survey of 704 NSF principal investigators},
	author       = {Barone, Lindsay and Williams, Jason and Micklos, David},
	year         = 2017,
	journal      = {PLoS computational biology},
	publisher    = {Public Library of Science San Francisco, CA USA},
	volume       = 13,
	number       = 10,
	pages        = {e1005755}
}
@article{Batut2018,
	title        = {Community-Driven Data Analysis Training for Biology},
	author       = {B{\'{e}}r{\'{e}}nice Batut and Saskia Hiltemann and Andrea Bagnacani and Dannon Baker and Vivek Bhardwaj and Clemens Blank and Anthony Bretaudeau and Loraine Brillet-Gu{\'{e}}guen and Martin {\v{C}}ech and John Chilton and Dave Clements and Olivia Doppelt-Azeroual and Anika Erxleben and Mallory Ann Freeberg and Simon Gladman and Youri Hoogstrate and Hans-Rudolf Hotz and Torsten Houwaart and Pratik Jagtap and Delphine Larivi{\`{e}}re and Gildas Le Corguill{\'{e}} and Thomas Manke and Fabien Mareuil and Fidel Ram{\'{\i}}rez and Devon Ryan and Florian Christoph Sigloch and Nicola Soranzo and Joachim Wolff and Pavankumar Videm and Markus Wolfien and Aisanjiang Wubuli and Dilmurat Yusuf and James Taylor and Rolf Backofen and Anton Nekrutenko and Bj\"{o}rn Gr\"{u}ning},
	year         = 2018,
	month        = jun,
	journal      = {Cell Systems},
	publisher    = {Elsevier {BV}},
	volume       = 6,
	number       = 6,
	pages        = {752--758.e1},
	doi          = {10.1016/j.cels.2018.05.012},
	url          = {https://doi.org/10.1016/j.cels.2018.05.012}
}
@article{Bloom1956,
	title        = {Taxonomy of educational objectives: The classification of educational goals},
	author       = {Bloom, Benjamin Samuel},
	year         = 1956,
	journal      = {Cognitive domain},
	publisher    = {Longman}
}

@article{Boettiger2015,
  doi = {10.1145/2723872.2723882},
  url = {https://doi.org/10.1145/2723872.2723882},
  year = {2015},
  month = jan,
  publisher = {Association for Computing Machinery ({ACM})},
  volume = {49},
  number = {1},
  pages = {71--79},
  author = {Carl Boettiger},
  title = {An introduction to Docker for reproducible research},
  journal = {{ACM} {SIGOPS} Operating Systems Review}
}

@article{deKoning2020,
  doi = {10.1093/gigascience/giaa105},
  url = {https://doi.org/10.1093/gigascience/giaa105},
  year = {2020},
  month = oct,
  publisher = {Oxford University Press ({OUP})},
  volume = {9},
  number = {10},
  author = {Willem de~Koning and Milad Miladi and Saskia Hiltemann and Astrid Heikema and John P Hays and Stephan Flemming and Marius van~den~Beek and Dana A Mustafa and Rolf Backofen and Bj\"{o}rn Gr\"{u}ning and Andrew P Stubbs},
  title = {{NanoGalaxy}: Nanopore long-read sequencing data analysis in Galaxy},
  journal = {{GigaScience}}
}

@article{Devenyi_2018,
	title        = {Ten simple rules for collaborative lesson development},
	author       = {Gabriel A. Devenyi and R{\'{e}}mi Emonet and Rayna M. Harris and Kate L. Hertweck and Damien Irving and Ian Milligan and Greg Wilson},
	year         = 2018,
	month        = {mar},
	journal      = {{PLOS} Computational Biology},
	publisher    = {Public Library of Science ({PLoS})},
	volume       = 14,
	number       = 3,
	pages        = {e1005963},
	doi          = {10.1371/journal.pcbi.1005963},
	url          = {https://doi.org/10.1371%2Fjournal.pcbi.1005963},
	editor       = {Scott Markel}
}
@misc{FreiburgGalaxyTeam2020,
	title        = {Remote training using Galaxy. Lessons learned from our ELIXIR Galaxy Machine Learning Workshop},
	author       = {Freiburg Galaxy Team},
	year         = 2020,
	url          = {https://docs.google.com/document/d/1_sQocj98DxhgnyvtXbRvcXlV84T_I3K1rFmWrMuw6x0/preview},
	note         = {Accessed: 2020-12-28}
}
@article{Garcia2020,
	title        = {Ten simple rules for making training materials {FAIR}},
	author       = {Leyla Garcia and B{\'{e}}r{\'{e}}nice Batut and Melissa L. Burke and Mateusz Kuzak and Fotis Psomopoulos and Ricardo Arcila and Teresa K. Attwood and Niall Beard and Denise Carvalho-Silva and Alexandros C. Dimopoulos and Victoria Dominguez del Angel and Michel Dumontier and Kim T. Gurwitz and Roland Krause and Peter McQuilton and Loredana Le Pera and Sarah L. Morgan and P\"{a}ivi Rauste and Allegra Via and Pascal Kahlem and Gabriella Rustici and Celia W. G. van Gelder and Patricia M. Palagi},
	year         = 2020,
	month        = may,
	journal      = {{PLOS} Computational Biology},
	publisher    = {Public Library of Science ({PLoS})},
	volume       = 16,
	number       = 5,
	pages        = {e1007854},
	doi          = {10.1371/journal.pcbi.1007854},
	url          = {https://doi.org/10.1371/journal.pcbi.1007854},
	editor       = {Scott Markel}
}
@article{Hall2021,
	title        = {Application of a bioinformatics training delivery method for reaching dispersed and distant trainees},
	author       = {Hall, Christina R and Griffin, Philippa C and Lonie, Andrew J and Christiansen, Jeffrey H},
	year         = 2021,
	journal      = {PLoS computational biology},
	publisher    = {Public Library of Science San Francisco, CA USA},
	volume       = 17,
	number       = 3,
	pages        = {e1008715}
}
@article{Hernandez2017,
	title        = {The eBioKit, a stand-alone educational platform for bioinformatics},
	author       = {Hern{\'a}ndez-de-Diego, Rafael and de Villiers, Etienne P and Klingstr{\"o}m, Tomas and Gourl{\'e}, Hadrien and Conesa, Ana and Bongcam-Rudloff, Erik},
	year         = 2017,
	journal      = {PLoS computational biology},
	publisher    = {Public Library of Science San Francisco, CA USA},
	volume       = 13,
	number       = 9,
	pages        = {e1005616},
	doi          = {10.1371/journal.pcbi.1005616}
}
@article{Jalili2020,
	title        = {The Galaxy platform for accessible, reproducible and collaborative biomedical analyses: 2020 update},
	author       = {Jalili, Vahid and Afgan, Enis and Gu, Qiang and Clements, Dave and Blankenberg, Daniel and Goecks, Jeremy and Taylor, James and Nekrutenko, Anton},
	year         = 2020,
	journal      = {Nucleic Acids Research},
	volume       = 48,
	number       = 14,
	pages        = {8205--8207},
	doi          = {10.1093/nar/gkaa554},
	url          = {https://doi.org/10.1093/nar/gkaa554}
}
@inproceedings{Klingstrom_2016,
	title        = {Supporting the development of biobanks in low and medium income countries},
	author       = {Tomas Klingstrom and Maimuna Mendy and Dominique Meunier and Anouk Berger and Jane Reichel and Alan Christoffels and Hocine Bendou and Carmen Swanepoel and Lemoene Smit and Campbell Mckellar-Basset and Erik Bongcam-Rudloff and Jonas Soderberg and Roxana Merino-Martinez and Suyesh Amatya and Absolomon Kihara and Steve Kemp and Robert Reihs and Heimo Muller},
	year         = 2016,
	month        = {may},
	booktitle    = {2016 {IST}-Africa Week Conference},
	publisher    = {{IEEE}},
	doi          = {10.1109/istafrica.2016.7530672},
	url          = {https://doi.org/10.1109%2Fistafrica.2016.7530672}
}
@article{Klingstrom_2017,
	title        = {Galaksio, a user friendly workflow-centric front end for Galaxy},
	author       = {Tomas Klingstr√∂m and Rafael Hern{\'{a}}ndez-de-Diego and Th{\'{e}}o Collard and Erik Bongcam-Rudloff},
	year         = 2017,
	month        = {nov},
	journal      = {{EMBnet}.journal},
	publisher    = {{EMBnet} Stichting},
	volume       = 23,
	number       = {0},
	pages        = 897,
	doi          = {10.14806/ej.23.0.897},
	url          = {https://doi.org/10.14806%2Fej.23.0.897}
}

@article{Mehta2021,
  doi = {10.12688/f1000research.28608.2},
  url = {https://doi.org/10.12688/f1000research.28608.2},
  year = {2021},
  month = apr,
  publisher = {F1000 Research Ltd},
  volume = {10},
  pages = {103},
  author = {Subina Mehta and Marie Crane and Emma Leith and B{\'{e}}r{\'{e}}nice Batut and Saskia Hiltemann and Magnus {\O} Arntzen and Benoit J. Kunath and Phillip B. Pope and Francesco Delogu and Ray Sajulga and Praveen Kumar and James E. Johnson and Timothy J. Griffin and Pratik D. Jagtap},
  title = {{ASaiM}-{MT}: a validated and optimized {ASaiM} workflow for metatranscriptomics analysis within Galaxy framework},
  journal = {F1000Research}
}

@article{Rasche2020,
	title        = {Training Infrastructure as a Service},
	author       = {Rasche, Helena and Gruening, Bjoern Andreas},
	year         = 2020,
	journal      = {BioRxiv},
	publisher    = {Cold Spring Harbor Laboratory}
}
@article{SerranoSolano2020,
	title        = {Fostering Accessible Online Education Using Galaxy as an e-learning Platform},
	author       = {Serrano-Solano, B. and Erxleben, A. and Gallardo-Alba, C. and Rasche, H. and Hiltemann, S. and F√∂ll, M. and Fahrner, M. and Dunning, M.J. and Schulz, M. and Scholtz, B. and Clements, D. and Nekrutenko, A. and Batut, B. and Gr√ºning, B.},
	year         = 2020,
	journal      = {Preprint},
	doi          = {10.20944/preprints202009.0457.v1}
}

@article{Tekman2020,
  doi = {10.1093/gigascience/giaa102},
  url = {https://doi.org/10.1093/gigascience/giaa102},
  year = {2020},
  month = oct,
  publisher = {Oxford University Press ({OUP})},
  volume = {9},
  number = {10},
  author = {Mehmet Tekman and B{\'{e}}r{\'{e}}nice Batut and Alexander Ostrovsky and Christophe Antoniewski and Dave Clements and Fidel Ramirez and Graham J Etherington and Hans-Rudolf Hotz and Jelle Scholtalbers and Jonathan R Manning and Lea Bellenger and Maria A Doyle and Mohammad Heydarian and Ni Huang and Nicola Soranzo and Pablo Moreno and Stefan Mautner and Irene Papatheodorou and Anton Nekrutenko and James Taylor and Daniel Blankenberg and Rolf Backofen and Bj\"{o}rn Gr\"{u}ning},
  title = {A single-cell {RNA}-sequencing training and analysis suite using the Galaxy framework},
  journal = {{GigaScience}}
}

@book{tomavsevski2001human,
	title        = {Human rights obligations: making education available, accessible, acceptable and adaptable},
	author       = {Toma{\v{s}}evski, Katarina},
	year         = 2001,
	publisher    = {Raoul Wallenberg Institute of Human Rights and Humanitarian Law}
}
@article{Wilkinson2016,
	title        = {The {FAIR} Guiding Principles for scientific data management and stewardship},
	author       = {Mark D. Wilkinson and Michel Dumontier and IJsbrand Jan Aalbersberg and Gabrielle Appleton and Myles Axton and Arie Baak and Niklas Blomberg and Jan-Willem Boiten and Luiz Bonino da Silva Santos and Philip E. Bourne and Jildau Bouwman and Anthony J. Brookes and Tim Clark and Merc{\`{e}} Crosas and Ingrid Dillo and Olivier Dumon and Scott Edmunds and Chris T. Evelo and Richard Finkers and Alejandra Gonzalez-Beltran and Alasdair J.G. Gray and Paul Groth and Carole Goble and Jeffrey S. Grethe and Jaap Heringa and Peter A.C 't Hoen and Rob Hooft and Tobias Kuhn and Ruben Kok and Joost Kok and Scott J. Lusher and Maryann E. Martone and Albert Mons and Abel L. Packer and Bengt Persson and Philippe Rocca-Serra and Marco Roos and Rene van Schaik and Susanna-Assunta Sansone and Erik Schultes and Thierry Sengstag and Ted Slater and George Strawn and Morris A. Swertz and Mark Thompson and Johan van der Lei and Erik van Mulligen and Jan Velterop and Andra Waagmeester and Peter Wittenburg and Katherine Wolstencroft and Jun Zhao and Barend Mons},
	year         = 2016,
	month        = mar,
	journal      = {Scientific Data},
	publisher    = {Springer Science and Business Media {LLC}},
	volume       = 3,
	number       = 1,
	doi          = {10.1038/sdata.2016.18},
	url          = {https://doi.org/10.1038/sdata.2016.18}
}
@article{wood2019improved,
	title        = {Improved metagenomic analysis with Kraken 2},
	author       = {Wood, Derrick E and Lu, Jennifer and Langmead, Ben},
	year         = 2019,
	journal      = {Genome biology},
	publisher    = {Springer},
	volume       = 20,
	number       = 1,
	pages        = 257,
	doi          = {10.1186/s13059-019-1891-0},
	url          = {https://doi.org/10.1186/s13059-019-1891-0}
}
